% Other motivational stuff.

@article{kroon2017game,
    title={Game Developer Index 2017},
    author={Kroon, Jacob and Nilsson, Anna},
    journal={Based on 2017 Annual Reports. Dataspelbranchen},
    year={2017}
}

% Surveys on mesh simplification.

@article{luebke2001developer,
    title={A developer's survey of polygonal simplification algorithms},
    author={Luebke, David P},
    journal={IEEE Computer Graphics and Applications},
    volume={21},
    number={3},
    pages={24--35},
    year={2001},
    publisher={IEEE}
}

@article{cignoni1998comparison,
    title={A comparison of mesh simplification algorithms},
    author={Cignoni, Paolo and Montani, Claudio and Scopigno, Roberto},
    journal={Computers \& Graphics},
    volume={22},
    number={1},
    pages={37--54},
    year={1998},
    publisher={Elsevier}
}

@article{talton2004short,
    title={A short survey of mesh simplification algorithms},
    author={Talton, Jerry O},
    journal={University of Illinois at Urbana-Champaign},
    year={2004}
}

% Appearance-preserving simplification.

@inproceedings{cohen1998appearance,
    title={Appearance-preserving simplification},
    author={Cohen, Jonathan and Olano, Marc and Manocha, Dinesh},
    booktitle={Proceedings of the 25th annual conference on Computer graphics and interactive techniques},
    pages={115--122},
    year={1998},
    organization={ACM}
}

@phdthesis{Cohen:1998:ASP:928173,
 author = {Cohen, Jonathan David},
 advisor = {Manocha, Dinesh},
 title = {Appearance-Preserving Simplification of Polygonal Models},
 year = {1998},
 isbn = {0-599-13476-3},
 note = {AAI9914826},
 publisher = {The University of North Carolina at Chapel Hill},
} 


% Quadric error metrics.

@inproceedings{garland1998simplifying,
    title={Simplifying surfaces with color and texture using quadric error metrics},
    author={Garland, Michael and Heckbert, Paul S},
    booktitle={Visualization'98. Proceedings},
    pages={263--269},
    year={1998},
    organization={IEEE}
}

% Progressive meshes.

@inproceedings{hoppe1996progressive,
    title={Progressive meshes},
    author={Hoppe, Hugues},
    booktitle={Proceedings of the 23rd annual conference on Computer graphics and interactive techniques},
    pages={99--108},
    year={1996},
    organization={ACM}
}

@inproceedings{sander2001texture,
    title={Texture mapping progressive meshes},
    author={Sander, Pedro V and Snyder, John and Gortler, Steven J and Hoppe, Hugues},
    booktitle={Proceedings of the 28th annual conference on Computer graphics and interactive techniques},
    pages={409--416},
    year={2001},
    organization={ACM}
}
