% Other motivational stuff.

@article{kroon2017game,
    title={Game developer index 2017},
    author={Kroon, Jacob and Nilsson, Anna},
    journal={Based on 2017 Annual Reports. Dataspelbranchen},
    year={2017}
}

% Surveys on mesh simplification.

@article{luebke2001developer,
    title={A developer's survey of polygonal simplification algorithms},
    author={Luebke, David P},
    journal={IEEE Computer Graphics and Applications},
    volume={21},
    number={3},
    pages={24--35},
    year={2001},
    publisher={IEEE}
}

@article{talton2004short,
    title={A short survey of mesh simplification algorithms},
    author={Talton, Jerry O},
    journal={University of Illinois at Urbana-Champaign},
    year={2004}
}

% Mesh Decimation

@inproceedings{schroeder1992decimation,
    title={Decimation of triangle meshes},
    author={Schroeder, William J and Zarge, Jonathan A and Lorensen, William E},
    booktitle={ACM Siggraph Computer Graphics},
    volume={26},
    number={2},
    pages={65--70},
    year={1992},
    organization={ACM}
}

% Edge Contraction

@inproceedings{hoppe1993mesh,
    title={Mesh optimization},
    author={Hoppe, Hugues and DeRose, Tony and Duchamp, Tom and McDonald, John and Stuetzle, Werner},
    booktitle={Proceedings of the 20th annual conference on Computer graphics and interactive techniques},
    pages={19--26},
    year={1993},
    organization={ACM}
}

% Image-Driven Simplification

@article{lindstrom2000image,
    title={Image-driven simplification},
    author={Lindstrom, Peter and Turk, Greg},
    journal={ACM Transactions on Graphics (ToG)},
    volume={19},
    number={3},
    pages={204--241},
    year={2000},
    publisher={ACM}
}

% Appearance-preserving simplification.

@inproceedings{cohen1998appearance,
    title={Appearance-preserving simplification},
    author={Cohen, Jonathan and Olano, Marc and Manocha, Dinesh},
    booktitle={Proceedings of the 25th annual conference on Computer graphics and interactive techniques},
    pages={115--122},
    year={1998},
    organization={ACM}
}

@phdthesis{Cohen:1998:ASP:928173,
 author = {Cohen, Jonathan David},
 advisor = {Manocha, Dinesh},
 title = {Appearance-Preserving Simplification of Polygonal Models},
 year = {1998},
 isbn = {0-599-13476-3},
 note = {AAI9914826},
 publisher = {The University of North Carolina at Chapel Hill},
}

% Quadric error metrics.

@inproceedings{garland1998simplifying,
    title={Simplifying surfaces with color and texture using quadric error metrics},
    author={Garland, Michael and Heckbert, Paul S},
    booktitle={Visualization'98. Proceedings},
    pages={263--269},
    year={1998},
    organization={IEEE}
}

% Progressive meshes.

@inproceedings{hoppe1996progressive,
    title={Progressive meshes},
    author={Hoppe, Hugues},
    booktitle={Proceedings of the 23rd annual conference on Computer graphics and interactive techniques},
    pages={99--108},
    year={1996},
    organization={ACM}
}

@inproceedings{sander2001texture,
    title={Texture mapping progressive meshes},
    author={Sander, Pedro V and Snyder, John and Gortler, Steven J and Hoppe, Hugues},
    booktitle={Proceedings of the 28th annual conference on Computer graphics and interactive techniques},
    pages={409--416},
    year={2001},
    organization={ACM}
}

% Statistical Shenanigans

@article{schenker2001judging,
    title={On judging the significance of differences by examining the overlap between confidence intervals},
    author={Schenker, Nathaniel and Gentleman, Jane F},
    journal={The American Statistician},
    volume={55},
    number={3},
    pages={182--186},
    year={2001},
    publisher={Taylor \& Francis}
}
